<record><leader>00000cas a22000007a 4500</leader><controlfield tag="001">22839428</controlfield><controlfield tag="008">901212d19uu19uunyuwr ne      0    0eng d</controlfield><datafield ind1=" " ind2=" " tag="010"><subfield code="a">sn 90066599 </subfield></datafield><datafield ind1=" " ind2=" " tag="040"><subfield code="a">NYS</subfield><subfield code="b">eng</subfield><subfield code="c">NYS</subfield><subfield code="d">OCLCQ</subfield></datafield><datafield ind1=" " ind2=" " tag="042"><subfield code="a">msc</subfield></datafield><datafield ind1="0" ind2="0" tag="245"><subfield code="a">Centre Island news and town topics-leader.</subfield></datafield><datafield ind1="3" ind2="0" tag="246"><subfield code="a">Centre Island news</subfield></datafield><datafield ind1="1" ind2="3" tag="246"><subfield code="a">Centre Island news and Hicksville town topics leader</subfield></datafield><datafield ind1=" " ind2=" " tag="260"><subfield code="a">Hicksville, N.Y. :</subfield><subfield code="b">Griscom-Van Allen Publications</subfield></datafield><datafield ind1=" " ind2=" " tag="300"><subfield code="a">v. ;</subfield><subfield code="c">56 cm.</subfield></datafield><datafield ind1=" " ind2=" " tag="500"><subfield code="a">Published as: Centre Island news and Hicksville town topics-leader, &lt;1943&gt;.</subfield></datafield><datafield ind1=" " ind2=" " tag="588"><subfield code="a">Description based on: Vol. 24, no. 9 (Dec. 4, 1941).</subfield></datafield><datafield ind1=" " ind2="4" tag="651"><subfield code="a">Hicksville (N.Y.)</subfield><subfield code="v">Newspapers.</subfield></datafield><datafield ind1=" " ind2="4" tag="651"><subfield code="a">Centre Island (N.Y.)</subfield><subfield code="v">Newspapers.</subfield></datafield><datafield ind1=" " ind2="4" tag="651"><subfield code="a">Nassau County (N.Y.)</subfield><subfield code="v">Newspapers.</subfield></datafield><datafield ind1=" " ind2=" " tag="752"><subfield code="a">United States</subfield><subfield code="b">New York</subfield><subfield code="c">Nassau</subfield><subfield code="d">Hicksville.</subfield></datafield><datafield ind1="0" ind2="4" tag="780"><subfield code="a">Centre Island news</subfield><subfield code="w">(DLC)sn 94061028</subfield><subfield code="w">(OCoLC)31425256</subfield></datafield><datafield ind1="0" ind2="4" tag="780"><subfield code="a">Hicksville town topics-leader</subfield><subfield code="w">(DLC)sn 94061030</subfield><subfield code="w">(OCoLC)31426064</subfield></datafield><datafield ind1="1" ind2=" " tag="029"><subfield code="a">AU@</subfield><subfield code="b">000025871583</subfield></datafield></record>